<collection xmlns="http://www.loc.gov/MARC21/slim">
<record>
  <leader>00501na 0a22001091i 450 </leader>
  <controlfield tag="001">IT\ICCU\CNCE\064948</controlfield>
  <controlfield tag="005">20060914000000.0</controlfield>
  <datafield tag="100" ind1=" " ind2=" ">
    <subfield code="a">20060703             0itac0103    ba</subfield>
  </datafield>
  <datafield tag="101" ind1=" " ind2=" ">
    <subfield code="a">ITA</subfield>
  </datafield>
  <datafield tag="200" ind1="1" ind2=" ">
    <subfield code="a">Libro dove sono notate infinite, et innumerabili indulgenze concesse da diuersi sommi pontefici; non solo  ̉frati menidcanti, ma  ̉secolari ancora, per dire alcune orationi,  ̣per visitare le chiese de mendicanti,  ̣per altra opera pia</subfield>
  </datafield>
  <datafield tag="700" ind1=" " ind2="1">
    <subfield code="a">Molina,</subfield>
    <subfield code="b">Gabriel</subfield>
    <subfield code="3">IT\ICCU\CNCA\007604</subfield>
  </datafield>
  <datafield tag="801" ind1=" " ind2="3">
    <subfield code="a">IT</subfield>
    <subfield code="b">ICCU</subfield>
    <subfield code="c">20201115</subfield>
  </datafield>
</record>
</collection>
